@misc{ftrace,
author = {Steven Rostedt}, 
title = {ftrace: Function Tracer},
howpublished = {\url{https://www.kernel.org/doc/Documentation/trace/ftrace.txt}},
year = {2008},
}

@misc{dtrace,
author = {Oracle Corporation}, 
title = {dtrace},
howpublished = {\url{http://dtrace.org/blogs/about/}},
year = {2004},
}