@INPROCEEDINGS{1291361,
author={Chihaia, I. and Gross, T.},
booktitle={Performance Analysis of Systems and Software, 2004 IEEE International Symposium on - ISPASS},
title={Effectiveness of simple memory models for performance prediction},
year={2004},
pages={98-105},
keywords={benchmark testing;memory architecture;software performance evaluation;CHARMM;Chemistry at HARvard Molecular Mechanics;application execution time estimation;application performance prediction;continuous accesses;continuous memory accesses;irregular application;memory access types;memory system performance;micro-benchmarking;performance estimates;random accesses;regular application;simple memory models;stride memory accesses;Analytical models;Application software;Chemistry;Computational efficiency;Computational modeling;Kernel;Modems;Predictive models;Runtime;Systems engineering and theory},
doi={10.1109/ISPASS.2004.1291361},
month={},}


@inproceedings{Barroso:1998:MSC:279358.279363,
 author = {Barroso, Luiz Andr{\'e} and Gharachorloo, Kourosh and Bugnion, Edouard},
 title = {Memory System Characterization of Commercial Workloads},
 booktitle = {Proceedings of the 25th Annual International Symposium on Computer Architecture},
 series = {ISCA '98},
 year = {1998},
 isbn = {0-8186-8491-7},
 location = {Barcelona, Spain},
 pages = {3--14},
 numpages = {12},
 url = {http://dx.doi.org/10.1145/279358.279363},
 doi = {10.1145/279358.279363},
 acmid = {279363},
 publisher = {IEEE Computer Society},
 address = {Washington, DC, USA},
} 

@inproceedings{Lee:2000:DMM:786772.787150,
 author = {Lee, Woo Hyong and Chang, J. Morris and Hasan, Yusuf},
 title = {A Dynamic Memory Measuring Tool for C++ Programs},
 booktitle = {Proceedings of the 3rd IEEE Symposium on Application-Specific Systems and Software Engineering Technology (ASSET'00)},
 series = {ASSET '00},
 year = {2000},
 isbn = {0-7695-0559-7},
 pages = {155--},
 url = {http://dl.acm.org/citation.cfm?id=786772.787150},
 acmid = {787150},
 publisher = {IEEE Computer Society},
 address = {Washington, DC, USA},
} 

@INPROCEEDINGS{846583,
author={Woo Hyong Lee and Chang, J.M. and Hasan, Y.},
booktitle={High Performance Computing in the Asia-Pacific Region, 2000. Proceedings. The Fourth International Conference/Exhibition on},
title={Evaluation of a high-performance object reuse dynamic memory allocation policy for C++ programs},
year={2000},
volume={1},
pages={386-391 vol.1},
keywords={C++ language;object-oriented programming;software reusability;storage allocation;storage management;C++ programs;dynamic memory management;free-list;high-performance object reuse dynamic memory allocation policy evaluation;mallocs;object creation;object deletion;object reuse scheme;object-oriented programs},
doi={10.1109/HPC.2000.846583},
month={May},}

@INPROCEEDINGS{1190248,
author={Hasan, Y. and Chang, J.M.},
booktitle={Performance Analysis of Systems and Software, 2003. ISPASS. 2003 IEEE International Symposium on},
title={A hybrid allocator},
year={2003},
pages={214-222},
keywords={storage management;computer programs;dynamic memory allocator;dynamic memory management;hybrid algorithm;program execution time;segregated storage;Computer science;Costs;Degradation;Libraries;Memory management;Size measurement;Technology management},
doi={10.1109/ISPASS.2003.1190248},
month={March},}


@article{Hasan:2006:THM:1163809.1163811,
 author = {Hasan, Yusuf and Chang, J. Morris},
 title = {A Tunable Hybrid Memory Allocator},
 journal = {J. Syst. Softw.},
 issue_date = {August 2006},
 volume = {79},
 number = {8},
 month = aug,
 year = {2006},
 issn = {0164-1212},
 pages = {1051--1063},
 numpages = {13},
 url = {http://dx.doi.org/10.1016/j.jss.2005.09.003},
 doi = {10.1016/j.jss.2005.09.003},
 acmid = {1163811},
 publisher = {Elsevier Science Inc.},
 address = {New York, NY, USA},
 keywords = {dynamic memory allocation, optimization, performance, tuning},
} 

@inproceedings{Clause:2010:LPC:1806799.1806874,
 author = {Clause, James and Orso, Alessandro},
 title = {LEAKPOINT: Pinpointing the Causes of Memory Leaks},
 booktitle = {Proceedings of the 32Nd ACM/IEEE International Conference on Software Engineering - Volume 1},
 series = {ICSE '10},
 year = {2010},
 isbn = {978-1-60558-719-6},
 location = {Cape Town, South Africa},
 pages = {515--524},
 numpages = {10},
 url = {http://doi.acm.org/10.1145/1806799.1806874},
 doi = {10.1145/1806799.1806874},
 acmid = {1806874},
 publisher = {ACM},
 address = {New York, NY, USA},
 keywords = {dynamic tainting, leak detection},
} 

@misc{mtrace,
 title = {The GNU C Library: Allocation Debugging},
 author = "{Free Software Foundation, Inc.}", 
 howpublished = "\url{http://www.gnu.org/software/libc/manual/html_node/Allocation-Debugging.html}",
 year = {2015},
}


