@inproceedings{Predator,
 author = {Liu, Tongping and Tian, Chen and Ziang, Hu and Berger, Emery D.},
 title = {Predator: Predictive False Sharing Detection},
 booktitle = {Proceedings of 19th ACM SIGPLAN Symposium on Principles and Practice of Parallel Programming},
 series = {PPOPP'14},
 year = {2014},
 publisher = {ACM},
 address = {New York, NY, USA},
} 

@inproceedings{Dthreads,
 author = {Liu, Tongping and Curtsinger, Charlie and Berger, Emery D.},
 title = {Dthreads: efficient deterministic multithreading},
 booktitle = {Proceedings of the Twenty-Third ACM Symposium on Operating Systems Principles},
 series = {SOSP '11},
 year = {2011},
 isbn = {978-1-4503-0977-6},
 location = {Cascais, Portugal},
 pages = {327--336},
 numpages = {10},
 url = {http://doi.acm.org/10.1145/2043556.2043587},
 doi = {http://doi.acm.org/10.1145/2043556.2043587},
 acmid = {2043587},
 publisher = {ACM},
 address = {New York, NY, USA},
} 

@inproceedings{Novark:2010:DSH:1866307.1866371,
 author = {Novark, Gene and Berger, Emery D.},
 title = {DieHarder: Securing the Heap},
 booktitle = {Proceedings of the 17th ACM Conference on Computer and Communications Security},
 series = {CCS '10},
 year = {2010},
 isbn = {978-1-4503-0245-6},
 location = {Chicago, Illinois, USA},
 pages = {573--584},
 numpages = {12},
 url = {http://doi.acm.org/10.1145/1866307.1866371},
 doi = {10.1145/1866307.1866371},
 acmid = {1866371},
 publisher = {ACM},
 address = {New York, NY, USA},
 keywords = {buffer overflow, dangling pointer, dynamic memory allocation, memory errors},
} 


@inproceedings{Sheriff,
 author = {Liu, Tongping and Berger, Emery D.},
 title = {SHERIFF: precise detection and automatic mitigation of false sharing},
 booktitle = {Proceedings of the 2011 ACM international conference on Object oriented programming systems languages and applications},
 series = {OOPSLA '11},
 year = {2011},
 isbn = {978-1-4503-0940-0},
 location = {Portland, Oregon, USA},
 pages = {3--18},
 numpages = {16},
 url = {http://doi.acm.org/10.1145/2048066.2048070},
 doi = {http://doi.acm.org/10.1145/2048066.2048070},
 acmid = {2048070},
 publisher = {ACM},
 address = {New York, NY, USA},
 keywords = {false sharing, multi-threaded},
} 

@inproceedings{Grace,
 author = {Berger, Emery D. and Yang, Ting and Liu, Tongping and Novark, Gene},
 title = {Grace: safe multithreaded programming for C/C++},
 booktitle = {Proceeding of the 24th ACM SIGPLAN conference on Object oriented programming systems languages and applications},
 series = {OOPSLA '09},
 year = {2009},
 isbn = {978-1-60558-766-0},
 location = {Orlando, Florida, USA},
 pages = {81--96},
 numpages = {16},
 url = {http://doi.acm.org/10.1145/1640089.1640096},
 doi = {http://doi.acm.org/10.1145/1640089.1640096},
 acmid = {1640096},
 publisher = {ACM},
 address = {New York, NY, USA},
 keywords = {concurrency, determinism, deterministic concurrency, fork-join, sequential semantics},
} 

@inproceedings{Redline,
 author = {Yang, Ting and Liu, Tongping and Berger, Emery D. and Kaplan, Scott F. and Moss, J. Eliot B.},
 title = {Redline: first class support for interactivity in commodity operating systems},
 booktitle = {Proceedings of the 8th USENIX conference on Operating systems design and implementation},
 series = {OSDI'08},
 year = {2008},
 location = {San Diego, California},
 pages = {73--86},
 numpages = {14},
 url = {http://dl.acm.org/citation.cfm?id=1855741.1855747},
 acmid = {1855747},
 publisher = {USENIX Association},
 address = {Berkeley, CA, USA},
} 

@misc{SheriffUsage,
 title = {Detecting false sharing},
 author = "{jyunker}",
 howpublished = "\url{http://www.linuxquestions.org/questions/linux-newbie-8/deecting-false-sharing-4175511542/}",
 year = {2014},
 month = {July},
}

@patent{SheriffPatent,
 title = {Patent: Methodology for fast detection of false sharing in threaded scientific codes}, 
 author = {I-Hsin Chung, Guojing Cong, Hiroki Murata, Yasushi Negishi, Hui-Fang Wen}, 
 howpublished = {http://www.google.com/patents/US20140156939},
 year = {2014},
 number={US20140156939 A1}, 
}

@inproceedings{Merrifield:2013:CMC:2465351.2465365,
 author = {Merrifield, Timothy and Eriksson, Jakob},
 title = {Conversion: Multi-version Concurrency Control for Main Memory Segments},
 booktitle = {Proceedings of the 8th ACM European Conference on Computer Systems},
 series = {EuroSys '13},
 year = {2013},
 isbn = {978-1-4503-1994-2},
 location = {Prague, Czech Republic},
 pages = {127--139},
 numpages = {13},
 url = {http://doi.acm.org/10.1145/2465351.2465365},
 doi = {10.1145/2465351.2465365},
 acmid = {2465365},
 publisher = {ACM},
 address = {New York, NY, USA},
} 


